<?xml version="1.0" encoding="UTF-8"?><collection xmlns="http://www.loc.gov/MARC21/slim"><record><leader>00326nam--2200133-i-4500</leader><controlfield tag="001">000013804</controlfield><controlfield tag="002">20161230</controlfield><controlfield tag="005">20161230201030</controlfield><controlfield tag="008">060222s1000------------r-----000-0-eng-d</controlfield><datafield ind1=" " ind2=" " tag="100"><subfield code="a">Sheppard, P.A</subfield></datafield><datafield ind1=" " ind2=" " tag="260"><subfield code="a">Atmospheric Diffusion And Air Pollution</subfield></datafield><datafield ind1=" " ind2=" " tag="490"><subfield code="a">Advances In Geophysics</subfield></datafield><datafield ind1=" " ind2=" " tag="700"><subfield code="a">Frenkiel, F.N</subfield></datafield><datafield ind1=" " ind2=" " tag="852"><subfield code="a">550.3</subfield></datafield></record></collection>